@book{chopra,
    author = {Chopra, A.},
    title = {Dynamics of structures, EBook, SI Edition},
    publisher = {Pearson},
    isbn = {1-292-24920-X},
    edition = {7th edition},
    url = {https://discovery.upc.edu/permalink/34CSUC_UPC/rdgucl/alma991005087179806711}
}